<?xml version="1.0" encoding="UTF-8"?>
<record xmlns="http://www.loc.gov/MARC21/slim" xmlns:xsi="http://www.w3.org/2001/XMLSchema-instance" xsi:schemaLocation="http://www.loc.gov/MARC21/slim http://www.loc.gov/standards/marcxml/schema/MARC21slim.xsd">
<leader>00000cam a22     4a 4500</leader>
<controlfield tag="001">001904909</controlfield>
<controlfield tag="003">NNU</controlfield>
<controlfield tag="005">20150805174449.0</controlfield>
<controlfield tag="008">080813m19319999ae            000 0 ara</controlfield>
<datafield tag="010" ind1=" " ind2=" ">
<subfield code="a">  2008401950</subfield>
</datafield>
<datafield tag="035" ind1=" " ind2=" ">
<subfield code="a">(OCoLC)61506847</subfield>
</datafield>
<datafield tag="040" ind1=" " ind2=" ">
<subfield code="a">DLC</subfield>
<subfield code="b">eng</subfield>
<subfield code="c">DLC</subfield>
<subfield code="d">LGG</subfield>
<subfield code="d">OCLCF</subfield>
<subfield code="d">OCLCO</subfield>
<subfield code="d">OCLCQ</subfield>
</datafield>
<datafield tag="043" ind1=" " ind2=" ">
<subfield code="a">aw-----</subfield>
<subfield code="a">ff-----</subfield>
<subfield code="a">e-sp---</subfield>
</datafield>
<datafield tag="050" ind1=" " ind2="4">
<subfield code="a">BP77.7.K35</subfield>
<subfield code="b">k5 1931</subfield>
</datafield>
<datafield tag="050" ind1="0" ind2="0">
<subfield code="a">PJ7755.K3</subfield>
<subfield code="b">K5</subfield>
</datafield>
<datafield tag="100" ind1="1" ind2=" ">
<subfield code="6">880-01</subfield>
<subfield code="a">Kalāʻī, Sulaymān ibn Mūsá,</subfield>
<subfield code="d">1170-1237.</subfield>
</datafield>
<datafield tag="240" ind1="1" ind2="0">
<subfield code="6">880-02</subfield>
<subfield code="a">Iktifāʼ fī maghāzī al-Muṣṭafá</subfield>
</datafield>
<datafield tag="245" ind1="1" ind2="0">
<subfield code="6">880-03</subfield>
<subfield code="a">Kitāb al-Iktifāʼ fī maghāzī al-Muṣṭafá wa-al-thalāthah al-khulafāʼ /</subfield>
<subfield code="c">li-Abī al-Rabīʻ Sulaymān ibn Sālim al-mashhūr bi-al-Kalāʻī ; iʻtiná bi-taṣḥīḥihi Hanrī Māssih.</subfield>
</datafield>
<datafield tag="246" ind1="3" ind2="0">
<subfield code="6">880-04</subfield>
<subfield code="a">Iktifāʼ fī maghāzī al-Muṣṭafá</subfield>
</datafield>
<datafield tag="260" ind1=" " ind2=" ">
<subfield code="6">880-05</subfield>
<subfield code="a">Alger :</subfield>
<subfield code="b">Jules Carbonel ;</subfield>
<subfield code="a">Paris :</subfield>
<subfield code="b">Paul Geuthner,</subfield>
<subfield code="c">1931-</subfield>
</datafield>
<datafield tag="300" ind1=" " ind2=" ">
<subfield code="a">volumes &lt;1&gt; ;</subfield>
<subfield code="c">19 cm.</subfield>
</datafield>
<datafield tag="336" ind1=" " ind2=" ">
<subfield code="a">text</subfield>
<subfield code="b">txt</subfield>
<subfield code="2">rdacontent</subfield>
</datafield>
<datafield tag="337" ind1=" " ind2=" ">
<subfield code="a">unmediated</subfield>
<subfield code="b">n</subfield>
<subfield code="2">rdamedia</subfield>
</datafield>
<datafield tag="338" ind1=" " ind2=" ">
<subfield code="a">volume</subfield>
<subfield code="b">nc</subfield>
<subfield code="2">rdacarrier</subfield>
</datafield>
<datafield tag="490" ind1="1" ind2=" ">
<subfield code="a">Bibliotheca Arabica (Algiers, Algeria) ;</subfield>
<subfield code="v">6</subfield>
</datafield>
<datafield tag="500" ind1=" " ind2=" ">
<subfield code="a">Title on added t.p.: Kitâb al-iktifâʼ.</subfield>
</datafield>
<datafield tag="600" ind1="0" ind2="0">
<subfield code="a">Muḥammad,</subfield>
<subfield code="c">Prophet,</subfield>
<subfield code="d">-632</subfield>
<subfield code="x">Campaigns.</subfield>
</datafield>
<datafield tag="651" ind1=" " ind2="0">
<subfield code="a">Islamic Empire</subfield>
<subfield code="x">History</subfield>
<subfield code="v">Early works to 1800.</subfield>
</datafield>
<datafield tag="600" ind1="0" ind2="7">
<subfield code="a">Muḥammad,</subfield>
<subfield code="c">Prophet,</subfield>
<subfield code="d">-632.</subfield>
<subfield code="2">fast</subfield>
<subfield code="0">(OCoLC)fst01836298</subfield>
</datafield>
<datafield tag="650" ind1=" " ind2="7">
<subfield code="a">Military campaigns.</subfield>
<subfield code="2">fast</subfield>
<subfield code="0">(OCoLC)fst01710190</subfield>
</datafield>
<datafield tag="651" ind1=" " ind2="7">
<subfield code="a">Islamic Empire.</subfield>
<subfield code="2">fast</subfield>
<subfield code="0">(OCoLC)fst01244134</subfield>
</datafield>
<datafield tag="655" ind1=" " ind2="7">
<subfield code="a">Early works.</subfield>
<subfield code="2">fast</subfield>
<subfield code="0">(OCoLC)fst01411636</subfield>
</datafield>
<datafield tag="655" ind1=" " ind2="7">
<subfield code="a">History.</subfield>
<subfield code="2">fast</subfield>
<subfield code="0">(OCoLC)fst01411628</subfield>
</datafield>
<datafield tag="700" ind1="1" ind2=" ">
<subfield code="6">880-06</subfield>
<subfield code="a">Massé, Henri,</subfield>
<subfield code="d">1886-1969.</subfield>
</datafield>
<datafield tag="880" ind1="1" ind2=" ">
<subfield code="6">100-01/</subfield>
<subfield code="a">كلاعي، سليمان بن موسى،</subfield>
<subfield code="d">1170-1237.</subfield>
</datafield>
<datafield tag="880" ind1="1" ind2="0">
<subfield code="6">240-02/</subfield>
<subfield code="a">اكتفاء في مغازي المصطفى</subfield>
</datafield>
<datafield tag="880" ind1="1" ind2="0">
<subfield code="6">245-03/</subfield>
<subfield code="a">كتاب الاكتفاء في مغازى المصطفى :</subfield>
<subfield code="b">والثلاثة الخلفاء /</subfield>
<subfield code="c">للامام ابي الربيع سليمان بن سليم المشهور بالكلاعي ؛ اعتنى بتصحيحه هنري ماسه.</subfield>
</datafield>
<datafield tag="880" ind1="3" ind2="0">
<subfield code="6">246-04/</subfield>
<subfield code="a">اكتفاء في مغازى المصطفى</subfield>
</datafield>
<datafield tag="880" ind1=" " ind2=" ">
<subfield code="6">260-05/</subfield>
<subfield code="a">الجزائر :</subfield>
<subfield code="b">مطبعة جول كربونل،</subfield>
<subfield code="c">1931-</subfield>
</datafield>
<datafield tag="880" ind1="1" ind2=" ">
<subfield code="6">700-06/</subfield>
<subfield code="a">ماسه، هنري،</subfield>
<subfield code="d">1886-1969.</subfield>
</datafield>
<datafield tag="830" ind1=" " ind2="0">
<subfield code="a">Bibliotheca Arabica (Algiers, Algeria) ;</subfield>
<subfield code="v">6.</subfield>
</datafield>
<datafield tag="OWN" ind1=" " ind2=" ">
<subfield code="a">GENERAL</subfield>
</datafield>
<datafield tag="AVA" ind1=" " ind2=" ">
<subfield code="a">NYU50</subfield>
<subfield code="b">BOBST</subfield>
<subfield code="c">Main Collection</subfield>
<subfield code="d">DS232 .K14 1931</subfield>
<subfield code="e">unavailable</subfield>
<subfield code="t">Unavailable</subfield>
<subfield code="f">1</subfield>
<subfield code="g">1</subfield>
<subfield code="h">Y</subfield>
<subfield code="i">2</subfield>
<subfield code="j">MAIN</subfield>
<subfield code="k">0</subfield>
</datafield>
</record>
